

@article{li2020,
author = {Li, S. and Blake, A. and Thomas, R.},
title = {Modelling the economic impact of sports events: The case of the Beijing Olympics},
journal = {Economic Modelling},
volume = {89},
pages = {139--152},
year = {2020},
doi = {10.1016/j.econmod.2019.10.020}
}

@article{smith2022,
author = {Smith, A. C. and Johnson, D. K.},
title = {The economics of the Olympics: An analysis of the key issues},
journal = {Edward Elgar Publishing},
year = {2022},
doi = {10.4337/9781839100710}
}


@article{Bernard2004,
author = {Bernard, A. B. and Busse, M. R.},
title = {Who wins the Olympic Games: Economic resources and medal totals},
journal = {The Review of Economics and Statistics},
volume = {86},
number = {1},
pages = {413--417},
year = {2004}
}

@article{lozano2002,
author = {Lozano, S. and Villa, F. and Guerrero, F. and Cortés, P.},
title = {Measuring the performance of nations at the Summer Olympics using data envelopment analysis},
journal = {The Journal of the Operational Research Society},
volume = {53},
number = {5},
pages = {501--511},
year = {2002},
doi = {10.1057/palgrave.jors.2601327}
}

@article{balmer2003,
author = {Balmer, N. J. and Nevill, A. M. and Williams, A. M.},
title = {Modelling home advantage in the Summer Olympic Games},
journal = {Journal of Sports Sciences},
volume = {21},
number = {6},
pages = {469--478},
year = {2003},
doi = {10.1080/0264041031000101890}
}

@techreport{kuper2003,
author = {Kuper, G. H. and Sterken, E.},
title = {Olympic Games quality and performance},
institution = {University of Groningen},
year = {2003}
}

@article{rathke2020,
author = {Rathke, A. and Woitek, U.},
title = {Economics and the Summer Olympics: An efficiency analysis},
journal = {Journal of Sports Economics},
volume = {21},
number = {5},
pages = {476--503},
year = {2020},
doi = {10.1177/1527002520912923}
}

@article{lambert1992,
author = {Lambert, D.},
title = {Zero-Inflated Poisson Regression, With an Application to Defects in Manufacturing},
journal = {Technometrics},
volume = {34},
number = {1},
pages = {1--14},
year = {1992},
doi = {10.1080/00401706.1992.10485228}
}

@book{cameron2013,
author = {Cameron, A. C. and Trivedi, P. K.},
title = {Regression analysis of count data},
edition = {2nd},
publisher = {Cambridge University Press},
year = {2013}
}

@techreport{greene1994,
author = {Greene, W.},
title = {Accounting for excess zeros and sample selection in Poisson and negative binomial regression models},
institution = {New York University},
type = {Working Paper},
number = {EC-94-10},
year = {1994},
url = {https://ssrn.com/abstract=1293115}
}

@article{seabold2010,
author = {Seabold, S. and Perktold, J.},
title = {Statsmodels: Econometric and statistical modeling with Python},
journal = {SciPy},
volume = {7},
number = {1},
pages = {92--96},
year = {2010}
}

@article{aeberhard2012,
author = {Aeberhard, W. H. and Cantoni, E. and Heritier, S.},
title = {Models for zero-inflated count data with applications to sports},
journal = {Journal of Quantitative Analysis in Sports},
volume = {8},
number = {1},
year = {2012},
doi = {10.1515/1559-0410.1410}
}

@book{andreff2021,
  title     = {The challenge of modern sport to economics},
  author    = {Andreff, W.},
  year      = {2021},
  publisher = {Routledge}
}

@article{lui2008,
author = {Lui, H. K. and Suen, W.},
title = {Men, money, and medals: An econometric analysis of the Olympic Games},
journal = {Pacific Economic Review},
volume = {13},
number = {1},
pages = {1--16},
year = {2008},
doi = {10.1111/j.1468-0106.2007.00386.x}
}

@article{allison2002,
  author  = {Allison, L. and Monnington, T.},
  title   = {Sport, prestige and international relations},
  journal = {Government and Opposition},
  volume  = {37},
  number  = {1},
  pages   = {106--134},
  year    = {2002}
}

@article{schlembach2020,
author = {Schlembach, C. and Schmidt, S. L. and Schreyer, D. and Wunderlich, L.},
title = {Forecasting the Olympic medal distribution during a pandemic: A socio-economic machine learning model},
journal = {arXiv preprint},
pages = {arXiv:2012.04378},
year = {2020}
}

@article{andreff2008,
author = {Andreff, M. and Andreff, W. and Poupaux, S.},
title = {Les déterminants économiques de la performance olympique: prévision des médailles qui seront gagnées aux Jeux de Pékin},
journal = {Revue d'économie politique},
volume = {118},
number = {2},
pages = {135--169},
year = {2008}
}

@online{IOC2024Charter,
  author  = {{International Olympic Committee}},
  year    = {2024},
  title   = {Olympic {Charter}},
  url     = {https://stillmed.olympics.com/media/Documents/International-Olympic-Committee/IOC-Publications/EN-Olympic-Charter.pdf},
  urldate = {2025-08-09}
}

@online{IOC2025NOCs,
  author  = {{International Olympic Committee}},
  year    = {2025},
  title   = {National {Olympic} {Committees}},
  url     = {https://olympics.com/ioc/national-olympic-committees},
  urldate = {2025-08-09}
}

@article{debosscher2008,
  author  = {De Bosscher, V. and Heyndels, B. and De Knop, P. and Van Bottenburg, M. and Shibli, S.},
  title   = {The paradox of measuring success of nations in elite sport},
  journal = {Belgeo. Revue belge de g\'{e}ographie},
  number  = {2},
  pages   = {217--234},
  year    = {2008}
}


@article{Halsey2009,
author = {Lewis G. Halsey},
title = {The true success of nations at recent Olympic Games: comparing actual versus expected medal success},
journal = {Sport in Society},
volume = {12},
number = {10},
pages = {1353--1368},
year = {2009},
publisher = {Routledge},
doi = {10.1080/17430430903204892},
URL ={
https://doi.org/10.1080/17430430903204892
}
}

@article{sharma2015,
  author  = {Sharma, H. and Sharma, D.},
  title   = {Human development index—revisited: integration of human values},
  journal = {J Hum Values},
  volume  = {21},
  number  = {1},
  pages   = {23--36},
  year    = {2015}
doi     = {10.1177/0971685815569659
}
}

@article{santos2019,
  author  = {Santos, P. A. and Sousa, C. V. and da Silva Aguiar, S. and others},
  title   = {Human Development Index and the frequency of nations in Athletics World Rankings},
  journal = {Sport Sci Health},
  volume  = {15},
  pages   = {393--398},
  year    = {2019},
  doi     = {10.1007/s11332-019-00529-1}
}

@misc{olympedia2020athletes,
  author       = {{Olympedia}},
  year         = {2021},
  title        = {Athlete counts --- Olympic Games Tokyo 2020},
  howpublished = {\url{https://www.olympedia.org/counts/edition/61}},
  note         = {Accessed: 2025-08-10}
}

@misc{undp2021hdi,
  author       = {{United Nations Development Programme}},
  year         = {2021},
  title        = {Human Development Data Center},
  howpublished = {\url{https://hdr.undp.org/data-center/documentation-and-downloads}},
  note         = {Accessed: 2025-08-10}
}

@misc{ioc2020medals,
  author       = {{International Olympic Committee}},
  year         = {2021},
  title        = {Medal Table --- Olympic Games Tokyo 2020},
  howpublished = {\url{https://www.olympics.com/en/olympic-games/tokyo-2020/medals}},
  note         = {Accessed: 2025-08-10}
}

@misc{worldbank2021gdp,
  author       = {{World Bank}},
  year         = {2021},
  title        = {GDP (current US\$) --- NY.GDP.MKTP.CD},
  howpublished = {\url{https://data.worldbank.org/indicator/NY.GDP.MKTP.CD}},
  note         = {Accessed: 2025-08-10}
}

@misc{worldbank2021population,
  author       = {{World Bank}},
  year         = {2021},
  title        = {Population, total --- SP.POP.TOTL},
  howpublished = {\url{https://data.worldbank.org/indicator/SP.POP.TOTL}},
  note         = {Accessed: 2025-08-10}
}

@incollection{tukey1962,
  author    = {Tukey, John W.},
  title     = {The future of data analysis},
  booktitle = {Breakthroughs in Statistics: Methodology and Distribution},
  pages     = {408--452},
  year      = {1962},
  address   = {New York, NY},
  publisher = {Springer New York}
}

@book{james2017isl,
  author    = {James, Gareth and Witten, Daniela and Hastie, Trevor and Tibshirani, Robert},
  year      = {2017},
  title     = {An Introduction to Statistical Learning},
  edition   = {8th},
  publisher = {Springer Science+Business Media New York},
  isbn      = {978-1-4614-7138-7}
}

@book{sheather2009modern,
  author    = {Sheather, Simon},
  year      = {2009},
  title     = {A Modern Approach to Regression with R},
  publisher = {Springer Science \& Business Media}
}

@article{pearson1896,
  author  = {Karl Pearson},
  title   = {Mathematical Contributions to the Theory of Evolution. III. Regression, Heredity, and Panmixia},
  journal = {Philosophical Transactions of the Royal Society of London. Series A},
  year    = {1896},
  volume  = {187},
  pages   = {253--318},
  doi     = {10.1098/rsta.1896.0007}
}

@article{spearman1904,
  author  = {Charles Spearman},
  title   = {The Proof and Measurement of Association between Two Things},
  journal = {The American Journal of Psychology},
  year    = {1904},
  volume  = {15},
  number  = {1},
  pages   = {72--101},
  doi     = {10.2307/1412159}
}

@article{ridout2001,
  title={Models for count data with many zeros},
  author={Ridout, Martin and Demetrio, Clarice G B and Hinde, John},
  journal={International Biometric Conference},
  year={2001}
}

@inproceedings{seabold2010,
  title={Statsmodels: Econometric and statistical modeling with python},
  author={Seabold, Skipper and Perktold, Josef},
  booktitle={9th Python in Science Conference},
  year={2010}
}

@article{aeberhard2012,
  title={An application of zero-inflated models to sports data},
  author={Aeberhard, W.H. and Mills Flemming, J. and Nielsen, A.},
  journal={Journal of Quantitative Analysis in Sports},
  volume={8},
  number={2},
  year={2012}
}

@book{hilbe2011,
  title={Negative Binomial Regression},
  author={Hilbe, Joseph M.},
  edition={2nd},
  year={2011},
  publisher={Cambridge University Press}
}


@article{akaike1974,
  title={A new look at the statistical model identification},
  author={Akaike, Hirotugu},
  journal={IEEE Transactions on Automatic Control},
  volume={19},
  number={6},
  pages={716--723},
  year={1974},
  publisher={IEEE},
  doi={10.1109/TAC.1974.1100705}
}

@article{McFadden1974,
  title={Conditional logit analysis of qualitative choice behavior},
  author={McFadden, Daniel},
  journal={Frontiers in Econometrics},
  year={1974}
}

@article{Wilks1938,
  title={The Large-Sample Distribution of the Likelihood Ratio for Testing Composite Hypotheses},
  author={Wilks, Samuel S.},
  journal={Annals of Mathematical Statistics},
  year={1938}
}

@article{Nelder1972,
  title={Generalized Linear Models},
  author={Nelder, John A. and Wedderburn, R. W. M.},
  journal={Journal of the Royal Statistical Society: Series A (General)},
  year={1972}
}

@article{gasquez2014,
  title={Sport and Economic Growth: The Case of Olympic Medals},
  author={Gásquez, R. and Royuela, V.},
  journal={Applied Economics Letters},
  volume={21},
  number={12},
  pages={798--801},
  year={2014}
}

@article{hoffmann2002,
  title={Olympic Success and the Human Development Index},
  author={Hoffmann, R. and Ging, L. C. and Ramasamy, B.},
  journal={Applied Economics Letters},
  volume={9},
  number={8},
  pages={545--548},
  year={2002}
}

@incollection{andreff2015,
  title={Economic Development and the Olympic Medal Distribution},
  author={Andreff, W.},
  booktitle={Handbook on the Economics of Sport},
  pages={308--327},
  year={2015},
  publisher={Edward Elgar}
}

@article{darby2017,
  title={Rugby in the Pacific Islands: Between Globalisation and Cultural Identity},
  author={Darby, P.},
  journal={The International Journal of the History of Sport},
  volume={34},
  number={3-4},
  pages={240--256},
  year={2017}
}

@article{kaplanidou2010,
  title={Legacy Issues in Mega Events: The Case of the Olympic Games},
  author={Kaplanidou, K. and Karadakis, K.},
  journal={Sport Management Review},
  volume={13},
  number={2},
  pages={158--164},
  year={2010}
}

@article{amusa2003,
  title={The Status of Sport Development in Sub-Saharan Africa: The Case of Nigeria},
  author={Amusa, L. O. and Toriola, A. L.},
  journal={International Sports Studies},
  volume={25},
  number={1},
  pages={27--44},
  year={2003}
}

@article{solberg2007,
  title={Major Sporting Events: Impact and Legacy},
  author={Solberg, H. A. and Preuss, H.},
  journal={European Sport Management Quarterly},
  volume={7},
  number={3},
  pages={235--246},
  year={2007}
}

@article{burnett2010,
  title={Sport-for-Development Approaches in the South African Context},
  author={Burnett, C.},
  journal={Sport in Society},
  volume={13},
  number={1},
  pages={121--133},
  year={2010}
}

@book{bellos2016,
  title={Whose Game Is It Anyway? Football, Globalization, and Identity},
  author={Bellos, A.},
  year={2016},
  publisher={Bloomsbury Publishing}
}

@article{johnson2004,
  title={A Tale of Two Seasons: Participation and Medal Counts at the Summer and Winter Olympic Games},
  author={Johnson, D. K. N. and Ali, A.},
  journal={Social Science Quarterly},
  volume={85},
  number={4},
  pages={974--993},
  year={2004}
}

@article{forrest2010,
  title={Country Effects in Olympic Games Performance: The Case of a Small Country, Spain},
  author={Forrest, D. and Sanz, I. and Tena, J. D.},
  journal={European Sport Management Quarterly},
  volume={10},
  number={2},
  pages={235--252},
  year={2010}
}

@article{preuss2021,
  title={The Impact of the COVID-19 Pandemic on the Olympic Games Tokyo 2020: A Social and Economic Analysis},
  author={Preuss, H.},
  journal={International Journal of Sport Policy and Politics},
  volume={13},
  number={1},
  pages={1--17},
  year={2021}
}

@article{lopezcarr2022,
  title={Mega Events in Times of Crisis: The Case of the Olympic Games Tokyo 2020},
  author={López-Carr, D. and Grether, T.},
  journal={Journal of Global Sport Management},
  volume={7},
  number={3},
  pages={305--322},
  year={2022}
}

@article{scelles2020,
  title={Determinants of elite sport success in Summer Olympics: The role of GDP, population and other socio-economic factors},
  author={Scelles, Nicolas and Szymanski, Stefan and Rossi, Giulio},
  journal={European Sport Management Quarterly},
  volume={20},
  number={4},
  pages={480--499},
  year={2020},
  publisher={Taylor \& Francis}
}

@article{schwarz1978,
  author  = {Gideon E. Schwarz},
  title   = {Estimating the Dimension of a Model},
  journal = {Annals of Statistics},
  year    = {1978},
  volume  = {6},
  number  = {2},
  pages   = {461--464},
  doi     = {10.1214/aos/1176344136}
}
